<record><leader>00000cas a22000007a 4500</leader><controlfield tag="001">11667841</controlfield><controlfield tag="008">850207d19051905wiuwr ne      0    0eng d</controlfield><datafield ind1=" " ind2=" " tag="010"><subfield code="a">sn 85040221 </subfield></datafield><datafield ind1=" " ind2=" " tag="040"><subfield code="a">NPV</subfield><subfield code="b">eng</subfield><subfield code="c">NPV</subfield><subfield code="d">OCLCQ</subfield></datafield><datafield ind1=" " ind2=" " tag="042"><subfield code="a">msc</subfield></datafield><datafield ind1=" " ind2=" " tag="045"><subfield code="a">x0x0</subfield></datafield><datafield ind1=" " ind2=" " tag="052"><subfield code="a">4123</subfield><subfield code="b">R8</subfield></datafield><datafield ind1="0" ind2=" " tag="130"><subfield code="a">Ladysmith news (Ladysmith, Wis. : 1905)</subfield></datafield><datafield ind1="1" ind2="4" tag="245"><subfield code="a">The Ladysmith news.</subfield></datafield><datafield ind1=" " ind2=" " tag="260"><subfield code="a">Ladysmith, Wis. :</subfield><subfield code="b">Ladysmith Pub.,</subfield><subfield code="c">1905.</subfield></datafield><datafield ind1=" " ind2=" " tag="300"><subfield code="a">1 v. :</subfield><subfield code="b">ill.</subfield></datafield><datafield ind1=" " ind2=" " tag="310"><subfield code="a">Weekly</subfield></datafield><datafield ind1="0" ind2=" " tag="362"><subfield code="a">Vol. 1, no. 1 (Mar. 11, 1905)-v. 1, no. 7 (Apr. 22, 1905).</subfield></datafield><datafield ind1=" " ind2=" " tag="530"><subfield code="a">Available on microfilm from The State Historical Society of Wisconsin.</subfield></datafield><datafield ind1=" " ind2=" " tag="752"><subfield code="a">United States</subfield><subfield code="b">Wisconsin</subfield><subfield code="c">Rusk</subfield><subfield code="d">Ladysmith.</subfield></datafield><datafield ind1="0" ind2="0" tag="785"><subfield code="t">Ladysmith news and Ingram news</subfield><subfield code="w">(DLC)sn 85040222</subfield></datafield></record>